@BOOK{Hermann2011,
	AUTHOR = {Hermann, Martin},
	YEAR = {2011},
	TITLE = {Numerische Mathematik - },
	EDITION = {},
	ISBN = {978-3-486-71970-3},
	PUBLISHER = {Walter de Gruyter},
	ADDRESS = {Berlin},
}

@online{ID,
	ALTauthor = {author},
	ALTeditor = {editor},
	title = {title},
	date = {date},
	url = {url},
	OPTsubtitle = {subtitle},
	OPTtitleaddon = {titleaddon},
	OPTlanguage = {language},
	OPTversion = {version},
	OPTnote = {note},
	OPTorganization = {organization},
	OPTdate = {date},
	OPTmonth = {month},
	OPTyear = {year},
	OPTaddendum = {addendum},
	OPTpubstate = {pubstate},
	OPTurldate = {urldate},
}
